% This file was created with JabRef 2.3.1.
% Encoding: UTF-8

@BOOK{GJ79,
  title = {Computers and Intractability: A Guide to the Theory of NP-Completeness},
  publisher = {W. H. Freeman and Co},
  year = {1979},
  editor = {W. H. Freeman and Co},
  author = {Garey, M. R. and Johnson, D. S.},
  owner = {pedro},
  timestamp = {2009.12.16}
}

@BOOK{MTG02,
  title = {Projeto de Algoritmos},
  publisher = {Bookman},
  year = {2002},
  editor = {John Wiley \& Sons},
  author = {Goodrich, Michael T. and Tamassia, Roberto},
  owner = {pedro},
  timestamp = {2009.12.15}
}

@INPROCEEDINGS{HF00,
  author = {Hoto, Robinson and Filho, Nelson Maculan},
  title = {Um Provável Branch-and-Bound para uma versão simplificada do Problema
	da Mochila Compartimentada},
  booktitle = {XXXII Simpósio Brasileiro de Pesquisa Operacional},
  year = {2000},
  owner = {pedro},
  timestamp = {2009.12.16}
}

@ARTICLE{HOTO03,
  author = {Hoto, R. and Maculan, N. and Marques, F. and Arenales, M. N.},
  title = {Um problema de corte com padrões compartimentados},
  journal = {Pesquisa Operacional},
  year = {2003},
  volume = {23},
  pages = {169-187},
  owner = {pedro},
  timestamp = {2009.12.17}
}

@ARTICLE{Hoto05,
  author = {Hoto, Robinson Samuel Vieira and Spolador, Fernando Luis and Marques,
	F.},
  title = {Resolvendo Mochilas Compartimentadas Restritas},
  journal = {XXXVII Simpósio Brasileiro de Pesquisa Operacional},
  year = {2005},
  volume = {1},
  pages = {1756-1766},
  owner = {pedro},
  timestamp = {2009.12.17}
}

@INPROCEEDINGS{KJBR08,
  author = {Kumar, Rajeev and Joshi, Ashwin H. and Banka, Krishna K. and Rockett,
	Peter I.},
  title = {Evolution of hyperheuristics for the biobjective 0/1 knapsack problem
	by multiobjective genetic programming},
  booktitle = {GECCO '08: Proceedings of the 10th annual conference on Genetic and
	evolutionary computation},
  year = {2008},
  pages = {1227--1234},
  address = {New York, NY, USA},
  publisher = {ACM},
  doi = {http://doi.acm.org/10.1145/1389095.1389335},
  isbn = {978-1-60558-130-9},
  location = {Atlanta, GA, USA}
}

@TECHREPORT{Mar00,
  author = {Marques, Fabiano do Prado},
  title = {O Problema da Mochila Compartimentada},
  institution = {Instituto de Ciências Matemáticas e de Computação - ICMC-Usp},
  year = {2000},
  owner = {pedro},
  timestamp = {2009.12.16}
}

@INPROCEEDINGS{MA02,
  author = {Marques, Fabiano do Prado and Arenales, Marcos Nereu},
  title = {O Problema da Mochila Compartimentada e Aplicações},
  booktitle = {Pesquisa Operacional},
  year = {2002},
  owner = {pedro},
  timestamp = {2009.12.16}
}

@BOOK{MT90,
  title = {Knapsack Problems - Algorithms and Computer Implementatios},
  publisher = {John Wiley \& Sons},
  year = {1990},
  editor = {John Wiley \& Sons},
  author = {Martello, Silvano and Toth, Paolo},
  owner = {pedro},
  timestamp = {2009.12.15}
}

@TECHREPORT{Spo05,
  author = {Spolador, Fernando Luis},
  title = {O Problema da Mochila Compartimentada},
  institution = {Universidade Estadual de Londrina},
  year = {2005},
  owner = {pedro},
  timestamp = {2009.12.16}
}

@BOOKLET{Wei09,
  title = {Global Optimization Algorithms - Theory and Application},
  author = {Weise, Thomas},
  year = {2009},
  owner = {pedro},
  timestamp = {2009.12.16}
}

